% BibTeX bibliography string definitions of the ABBREVIATED titles of
% IEEE journals and magazines taken from IEEEabrv.bib
@STRING{AES   = "{IEEE} Trans. Aerosp. Electron. Syst."}
@STRING{AS    = "{IEEE} Trans. Aerosp."}
@STRING{TIP    = "{IEEE} Trans. Image Processing"}
@STRING{ITAC  = "{IEEE} Trans. Automat. Contr."}
@STRING{PAMI  = "{IEEE} Trans. Pattern Anal. Machine Intell."}
@string{SMC   = "{IEEE} Trans. Syst., Man, Cybern."}
@string{SP    = "{IEEE} Trans. Signal Processing"}
@string{TRA   = "{IEEE} Trans. Robot. Automat."}
@string{TRO   = "{IEEE} Trans. Robotics"}
@string{RAM   = "{IEEE} Robotics and Automation Magazine"}
@string{ASSP  = "{IEEE} Trans. Acoust., Speech, Signal Processing"}
@string{IT    = "{IEEE} Trans. Inform. Theory"}
@string{ITS   = "{IEEE} Trans. on Intelligent Transportation Systems"}
@string{TCAS  = "{IEEE} Trans. on Circuits and Systems"}
@string{TVCG  = "(IEEE) Trans. on Visualization and Computer Graphics"}
@string{RAL   = "(IEEE) Robotics and Automation Letters"}
@string{IEM   = "{IEEE} Industrial Electronics Magazine"}
@string{IWMA   = "{IEEE} International Workshop on Metrology for AeroSpace"}

% Other Journals
@string{AI    = "Artificial Intelligence"}
@string{JAIR  = "Journal of Artificial Intelligence Research"}
@string{CVIU  = "Computer Vision and Image Understanding"}
@string{GMIP  = "CVGIP:Graphical Models and Image Processing"}
@string{IJCV  = "Intl. J. of Computer Vision"}
@string{IJRR  = "Intl. J. of Robotics Research"}
@string{IJHR  = "Intl. J. of Humanoid Robotics"}
@string{IVC   = "Image and Vision Computing"}
@string{JMLR  = "J. of Machine Learning Research"}
@string{JVCIR = "J. of Visual Communication and Image Representation"}
@string{ML    = "Machine learning"}
@string{PR    = "Pattern Recognition"}
@string{PRL   = "Pattern Recognition Letters"}
@string{RAS   = "Journal of Robotics and Autonomous Systems"}
@string{JFR   = "Journal of Field Robotics"}
@string{RoyalP = "Proceedings of Royal Society of London"}
@string{JOSAA = "Journal of the Optical Society of America A"}
@string{tcs   = "Theoretical Computer Science"}
@string{AR    = "Autonomous Robots"}
@string{ADR    = "Advanced Robotics"}
@string{JEPLMC= "Journal of Experimental Psychology: Learning,Memory, \& Cognition"}
@string{MVA = "Machine Vision and Applications"}
@string{TOG = "ACM Trans. Graph."}
@string{LJ    = "Linux Journal"}
@string{MEAS    = "Measurement"}
@string{SEN    = "Sensors"}
@string{BE    = "Biosystems Engineering"}

% Mathematics Journals
@string{PJM    = "Pacific Journal of Mathematics (PJM)"}
@string{SINUM = "SIAM Journal on Numerical Analysis (SINUM)"}
@string{SIAP = "SIAM Journal on Applied Mathematics (SIAP)"}
@string{IPI = "Inverse Problems and Imaging (IPI)"}
@string{SIIMS = "SIAM Journal on Imaging Sciences (SIIMS)"}

% Image processing conferences
@string{ICIP = "Intl. Conf. on Image Processing (ICIP)"}
@string{IAPR = "Intl. Conf. on Image Processing A"}
@string{ICASSP = "Intl. Conf. Acoust., Speech, and Signal Proc. (ICASSP)"}

% Vision Conferences
@string{BMVC = "British Machine Vision Conf. (BMVC)"}
@string{CVPR = "IEEE Conf. on Computer Vision and Pattern Recognition (CVPR)"}
@string{ACCV = "Asian Conf. on Computer Vision (ACCV)"}
@string{ECCV = "Eur. Conf. on Computer Vision (ECCV)"}
@string{ICCV = "Intl. Conf. on Computer Vision (ICCV)"}
@string{ICPR = "Intl. Conf. on Pattern Recognition (ICPR)"}
@string{RVS95 = "Representation of Visual Scenes"}
@string{SPIE = "Intl. Soc. Opt. Eng. (SPIE)"}
@string{SIGGRAPH = "SIGGRAPH"}
@string{AICV94 = "Application of Invariance in Computer Vision"}
@string{FG = "Intl. Conf. on Automatic Face and Gesture Recognition"}
@string{PVT = "3D Data Processing Visualization and Transmission (3DPVT)"}
@string{IMPVT = "Intl. Conf. on 3D Imaging, Modeling, Processing, Visualization and Transmission (3DIMPVT)"}
@string{ICMV = "International Conference on Machine Vision (ICMV)"}
@string{ICIAR = "International Conference on Image Analysis and Recognition"}
@string{CRV = "Conference on Computer and Robot Vision (CRV)"}

% Robotics Conferences
@string{ICRA = "IEEE Intl. Conf. on Robotics and Automation (ICRA)"}
@string{IROS = "IEEE/RSJ Intl. Conf. on Intelligent Robots and Systems (IROS)"}
@string{FSR = "Field and Service Robotics (FSR)"}
@string{RSS = "Robotics: Science and Systems (RSS)"}
@string{CIRA = "IEEE Intl. Symp. on Computational Intelligence in Robotics and Automation (CIRA)"}
@string{ISRR = "Intl. Symp. of Robotics Research (ISRR)"}
@string{HUMANOIDS = "IEEE-RAS Intl. Conference on Humanoid Robots"}
@string{SMC = "IEEE Intl. Conference on Systems, Man and Cybernetics"}
@string{ROMAN = "IEEE Intl. Symposium on Robot and Human Interactive Communication (RO-MAN)"}
@string{ICAR = "Intl. Conf. on Advanced Robotics (ICAR)"}
@string{ECMR = "European Conf. on Mobile Robots (ECMR)"}
@string{ROBIO = "Intl. Conf. on Robotics and Biomimetics (ROBIO)"}
@string{ICR = "Intl. Conf. on Interactive Collaborative Robotics (ICR)"}
@string{ACRA = "Australasian Conference on Robotics and Automation (ACRA)"}

% Medical Conferences
@string{MICCAI = "Medical Image Computing and Computer Assisted Intervention (MICCAI)"}
@string{MIUA = "Medical Image Understanding and Analysis"}
@string{EMBS = "International IEEE Engineering in Medicine and Biology Society (EMBS)"}

% Augmented Reality Conferences
@string{ISMAR = "IEEE and ACM Intl. Sym. on Mixed and Augmented Reality (ISMAR)"}
@string{ISAR = "IEEE and ACM Intl. Sym. on Augmented Reality (ISAR)"}
@string{ISMR = "Intl. Sym. on Mixed Reality (ISMR)"}
@string{CVE = "ACM Intl. Conf. on Collaborative Virtual Environments (CVE)"}
@string{ISWC = "IEEE Intl. Sym. on Wearable Computers (ISWC)"}

% AI Conferences
@string{AAAI = "Nat. Conf. on Artificial Intelligence (AAAI)"}
@string{IJCAI = "Intl. Joint Conf. on AI (IJCAI)"}
@string{NIPS = "Advances in Neural Information Processing Systems (NIPS)"}
@string{ICML = "Intl. Conf. on Machine Learning (ICML)"}
@string{ECML = "Eur. Conf. on Machine Learning (ECML)"}
@string{UAI = "Conf. on Uncertainty in Artificial Intelligence (UAI)"}
@string{AISTATS = "Intl. Conf. on Artificial Intelligence and Statistics (AISTATS)"}
@string{ICLR = "Intl. Conf. on Learning Representations (ICLR)"}

%Multimedia Conference
@string{ICME = "IEEE Intl. Conf. on Multimedia and Expo(ICME)"}

%DataMining Conferences
@string{KDD = "Intl. Conf. Knowledge Discovery and Data Mining (KDD)"}

%Graphics Conferences
@string{_3DIM = "Intl. Conf. on 3D Digital Imaging and Modeling"}
@string{IVIS = "IEEE Visualization"}

%Architecture Conferences
@string{EPB = "Environment and Planning B: Planning and Design"}

% Theory Conferences
@string{STOC  ="ACM Symp. on Theory of Computing (STOC)"}
@string{ICFP = "Intl. Conf. on Functional Programming (ICFP)"}

% Control Conferences
@string{CDC = "IEEE Conference on Decision and Control"}
@string{ACC = "American Control Conference"}

% Information Retrieval Conferences
@string{SIGIR = "ACM Special Interest Group on Information Retrieval"}

%ITS Conferences
@string{IV = "IEEE Intelligent Vehicles Symposium (IV)"}
@string{ITSC = "IEEE Intelligent Transportations Systems Conference (ITSC)"}

%Machine Learning Conferences
@string{NIPS = "Advances in Neural Information Processing Systems"}

% Workshops and Symposiums
@string{IUW  = "DARPA Image Understanding Workshop (IUW)"}
@string{WACV = "IEEE Workshop on Applications of Computer Vision (WACV)"}
@string{ISER = "Intl. Sym. on Experimental Robotics (ISER)"}
@string{IPSN = "Intl. Sym. on Information Processing in Sensor Networks (IPSN)"}
@string{WPNC = "Workshop on Positioning, Navigation and Communications (WPNC)"}
@string{RPIC = "Workshop on Information Processing and Control (RPIC)"}
@string{IWOSS = "ICRA Workshop on Open Source Software"}

% Arxiv
@string{CORR = "Computing Research Repository (CoRR)"}

% Publishers
@string{kluwer = "Kluwer"}
@string{springer = "Springer Verlag"}
@string{ieeepress = "IEEE Computer Society Press"}
@string{addison = "Addison-Wesley Publishing"}
@string{ap = "Academic Press"}
@string{chap = "Chapman and Hall"}
@string{MIT = "The MIT press, Cambridge, MA"}
@string{Wiley = "John Wiley \& Sons, New York, NY"}

% Institutions
@string{CoC = "College of Computing, Georgia Institute of Technology"}
@string{UAH = "University of Alcalá"}
@string{IMP = "Imperial College of London"}
@string{AIST = "National Institute of Advanced Science and Technolgy, Japan"}

%********************************************************************************************************

% Probabilistic Robotics
@book{thrun2005probabilistic,
    author = {Thrun, Sebastian and Burgard, Wolfram and Fox, Dieter},
    title = {Probabilistic Robotics (Intelligent Robotics and Autonomous Agents)},
    year = {2005},
    isbn = {0262201623},
    publisher = {The MIT Press}
}

% Introduction to Autonomous Mobile Robots 2nd Edition
@book{siegwart2011introduction,
    author = {Siegwart, Roland and Nourbakhsh, Illah R. and Scaramuzza, Davide},
    title = {Introduction to Autonomous Mobile Robots},
    year = {2011},
    isbn = {0262015358},
    publisher = {The MIT Press},
    edition = {2nd}
}

% Springer Handbook of Robotics
@book{siciliano2016handbook,
    author = {Siciliano, Bruno and Khatib, Oussama},
    title = {Springer Handbook of Robotics},
    year = {2016},
    isbn = {3319325507},
    publisher = {Springer Publishing Company, Incorporated},
    edition = {2nd}
}

% Principles of Robot Motion: Theory, Algorithms, and Implementations
@book{choset2005principles,
    title = {Principles of Robot Motion: Theory, Algorithms, and Implementations},
    author = {Howie Choset and Lynch, {Kevin M.} and Seth Hutchinson and George Kantor and Wolfram Burgard and Lydia Kavraki and Sebastian Thrun},
    year = {2005},
    month = {5},
    language = {English},
    isbn = {0262033275},
    publisher = {MIT Press},
}

% Robotics, Vision and Control: Fundamental Algorithms In MATLAB® Second, Completely Revised, Extended And Updated Edition
@book{corke2017robotics,
    author={Corke, Peter},
    title={Robotics, Vision and Control: Fundamental Algorithms In MATLAB\textregistered Second, Completely Revised, Extended And Updated Edition},
    year={2017},
    publisher={Springer International Publishing},
    address={Cham},
    pages={1--693},
    isbn={978-3-319-54413-7},
    %doi={10.1007/978-3-319-54413-7},
    %url={https://doi.org/10.1007/978-3-319-54413-7}
}

% ROS Robotics by Example: Bring Life to Your Robot Using ROS Robotic Applications
@book{fairchild2016ros,
    author = {Fairchild, Carol and Harman, Thomas L},
    title = {\href{http://hdl.handle.net/10657.1/888}{ROS Robotics by Example: Bring Life to Your Robot Using ROS Robotic Applications}},
    year = {2016},
    isbn = {1785286706},
    publisher = {Packt Publishing},
    doi={http://hdl.handle.net/10657.1/888}
}

% Multiple View Geometry in Computer Vision
@book{hartley2003multiple,
    author = {Hartley, Richard and Zisserman, Andrew},
    title = {\href{https://doi.org/10.1017/CBO9780511811685}{Multiple View Geometry in Computer Vision}},
    year = {2004},
    isbn = {0521540518},
    edition = {2},
    publisher = {Cambridge University Press},
    address = {New York, NY, USA},
    doi={10.1017/CBO9780511811685}
}

% A Tutorial on Graph-Based SLAM
@ARTICLE{grisetti2010tutorial,
    author={Grisetti, Giorgio and K{\"u}mmerle, Rainer and Stachniss, Cyrill and Burgard, Wolfram},
    journal={IEEE Intelligent Transportation Systems Magazine}, 
    title={\href{https://doi.org/10.1109/MITS.2010.939925}{A Tutorial on Graph-Based SLAM}}, 
    year={2010},
    volume={2},
    number={4},
    pages={31--43},
    doi={10.1109/MITS.2010.939925}
}

% Adaptive Robust Kernels for Non-Linear Least Squares Problems
@ARTICLE{chebrolu2021adaptive,
    author={Chebrolu, Nived and L{\"a}be, Thomas and Vysotska, Olga and Behley, Jens and Stachniss, Cyrill},
    journal=RAL, 
    title={\href{https://doi.org/10.1109/LRA.2021.3061331} {Adaptive Robust Kernels for Non-Linear Least Squares Problems}}, 
    year={2021},
    volume={6},
    number={2},
    pages={2240--2247},
    doi={10.1109/LRA.2021.3061331}
}

% Factor Graphs for Robot Perception
@BOOK{dellaert2017factor,
    author={Dellaert, Frank and Kaess, Michael},
    booktitle={\href{https://doi.org/10.1561/2300000043}{Factor Graphs for Robot Perception}},
    year={2017},
    volume={},
    number={},
    pages={1--154},
    doi={10.1561/2300000043}
}

% [Motion Planning] Robot Motion Planning
@book{latombe1991robot,
    author = {Latombe, Jean-Claude},
    title = {\href{https://doi.org/10.1007/978-1-4615-4022-9}{Robot Motion Planning}},
    year = {1991},
    isbn = {0792391292},
    publisher = {Kluwer Academic Publishers},
    address = {USA},
    publisher = springer,
    doi={10.1007/978-1-4615-4022-9}
}

% [Motion Planning] Dynamic Window Approach
@INPROCEEDINGS{simmons1996curvature,
    author={Simmons, R.},
    booktitle={Proceedings of IEEE International Conference on Robotics and Automation}, 
    title={{The curvature-velocity method for local obstacle avoidance}}, 
    year={1996},
    volume={4},
    number={},
    pages={3375--3382},
    doi={10.1109/ROBOT.1996.511023}
}

% [Motion Planning] Dynamic Window Approach
@ARTICLE{fox1997dwa,
    author={Fox, D. and Burgard, W. and Thrun, S.},
    journal={IEEE Robotics & Automation Magazine}, 
    title={{The dynamic window approach to collision avoidance}}, 
    year={1997},
    volume={4},
    number={1},
    pages={23--33},
    doi={10.1109/100.580977}
}

% [Motion Planning] Dynamic Window Approach
@INPROCEEDINGS{brock1999dwa,
    author={Brock, O. and Khatib, O.},
    booktitle={Proceedings 1999 IEEE International Conference on Robotics and Automation (Cat. No.99CH36288C)}, 
    title={{High-speed navigation using the global dynamic window approach}}, 
    year={1999},
    volume={1},
    number={},
    pages={341--346},
    doi={10.1109/ROBOT.1999.770002}
}

% [Motion Planning] Grid Map based planning
@INPROCEEDINGS{konolige2000gradient,
    author={Konolige, K.},
    booktitle={Proceedings. 2000 IEEE/RSJ International Conference on Intelligent Robots and Systems (IROS 2000) (Cat. No.00CH37113)}, 
    title={{A gradient method for realtime robot control}}, 
    year={2000},
    volume={1},
    number={},
    pages={639--646},
    doi={10.1109/IROS.2000.894676}
}

% [Motion Planning] Nearness diagram (ND) navigation
@INPROCEEDINGS{minguez2001global,
    author={Minguez, J. and Montano, L. and Simeon, T. and Alami, R.},
    booktitle={Proceedings 2001 ICRA. IEEE International Conference on Robotics and Automation (Cat. No.01CH37164)}, 
    title={{Global nearness diagram navigation (GND)}}, 
    year={2001},
    volume={1},
    number={},
    pages={33--39},
    doi={10.1109/ROBOT.2001.932526}
}

% [Motion Planning] Nearness diagram (ND) navigation
@ARTICLE{minguez2004nearness,
    author={Javier Minguez and Montano, L.},
    journal={IEEE Transactions on Robotics and Automation}, 
    title={{Nearness diagram (ND) navigation: collision avoidance in troublesome scenarios}}, 
    year={2004},
    volume={20},
    number={1},
    pages={45--59},
    doi={10.1109/TRA.2003.820849}
}

% [Motion Planning] Vector-Field-Histogram+
@INPROCEEDINGS{ulrich1998vfhplus,
    author={Ulrich, I. and Borenstein, J.},
    booktitle={Proceedings. 1998 IEEE International Conference on Robotics and Automation (Cat. No.98CH36146)}, 
    title={{VFH+: reliable obstacle avoidance for fast mobile robots}}, 
    year={1998},
    volume={2},
    number={},
    pages={1572--1577},
    doi={10.1109/ROBOT.1998.677362}
}

[GNSS] Global Positioning System: Signals, Measurements, and Performance
@book{misra2006global,
  title={{Global Positioning System: Signals, Measurements, and Performance}},
  author={Misra, P. and Enge, P.},
  isbn={9780970954411},
  url={https://books.google.com.ar/books?id=pv5MAQAAIAAJ},
  year={2006},
  publisher={Ganga-Jamuna Press}
}

@book{lynch2017modern,
  place={Cambridge},
  title={{Modern Robotics: Mechanics, Planning, and Control}},
  publisher={Cambridge University Press},
  author={Lynch, Kevin M. and Park, Frank C.},
  year={2017}
}
